<?xml version="1.0" encoding="UTF-8"?><collection><record><leader>06937ntm a2200541 a 4500</leader><controlfield tag="001">005989111</controlfield><controlfield tag="003">MiAaHDL</controlfield><controlfield tag="005">20190719000000.0</controlfield><controlfield tag="006">m        d        </controlfield><controlfield tag="007">cr bn ---auaua</controlfield><controlfield tag="008">090407s1760    xx            00| ||ara d</controlfield><datafield tag="035" ind1=" " ind2=" "><subfield code="a">(MiU)005989111</subfield></datafield><datafield tag="035" ind1=" " ind2=" "><subfield code="a">sdr-miu005989111</subfield></datafield><datafield tag="040" ind1=" " ind2=" "><subfield code="a">MiU</subfield><subfield code="c">MiU</subfield><subfield code="e">amremm</subfield></datafield><datafield tag="043" ind1=" " ind2=" "><subfield code="a">n-us-mi</subfield></datafield><datafield tag="100" ind1="1" ind2=" "><subfield code="6">880-01</subfield><subfield code="a">Izmīrī, Aḥmad ibn ʻUmar,</subfield><subfield code="d">d. ca. 1766.</subfield></datafield><datafield tag="245" ind1="1" ind2="0"><subfield code="6">880-02</subfield><subfield code="a">Fatḥ al-ʻAlī al-Barr Sharḥ Ḥizb al-baḥr,</subfield><subfield code="f">[1173, i.e. 1760].</subfield></datafield><datafield tag="246" ind1="3" ind2="8"><subfield code="6">880-03</subfield><subfield code="a">Sharḥ Ḥizb al-baḥr</subfield></datafield><datafield tag="260" ind1=" " ind2=" "><subfield code="c">[1760]</subfield></datafield><datafield tag="300" ind1=" " ind2=" "><subfield code="a">67 leaves :</subfield><subfield code="b">paper ;</subfield><subfield code="c">207 x 145 (142 x 75) mm.</subfield></datafield><datafield tag="500" ind1=" " ind2=" "><subfield code="a">Shelfmark: Ann Arbor, University of Michigan, Special Collections Library, Isl. Ms. 45</subfield></datafield><datafield tag="500" ind1=" " ind2=" "><subfield code="a">Origin: As appears in colophon on p.131, transcription finished ("qad istarāḥa qalam al-tabyīḍ ʻan al-taswīd..." see p.129) 15th Jumādá I 1173 [ca. 4 January 1760]. The copyist is not identified. The author is named on fol.1b (p.2) and appears to be the Aḥmad ibn ʻUmar ibn Ayyūb al-Izmīrī named by Kaḥḥālah (see ed. Dimashq, 1957 p.29).</subfield></datafield><datafield tag="500" ind1=" " ind2=" "><subfield code="a">Former shelfmark: British Museum, London "No.5. Hizb al-bahr, with commentary."</subfield></datafield><datafield tag="500" ind1=" " ind2=" "><subfield code="a">Binding: Pasteboards covered in laid paper with red leather for spine and turn-ins ; Type II binding (with flap) though flap now missing ; board linings in yellow European laid paper, hinges in brown leather ; upper and lower covers carry blind-stamped central panel in lozenge shape filled with floral design ; sewing in red thread, two stations ; only traces of primaries (in yellow) remain, otherwise endbands lost ; in fair condition though upper cover is detaching from spine, much abrasion, staining, and some delaminating of boards.</subfield></datafield><datafield tag="500" ind1=" " ind2=" "><subfield code="a">Support: European laid paper with chain lines running horizontally evenly spaced roughly 24 mm. apart and laid lines running vertically spaced roughly 12 laid lines per cm. ; highly burnished with burnishers marks evident ; three hats watermark (compare Heawood 2596-2599) visible in second to final quire particularly (see p.108, 110, etc.) ; scrollwork / shield watermark partially visible also.</subfield></datafield><datafield tag="500" ind1=" " ind2=" "><subfield code="a">Decoration: Simple illuminated headpiece (ʻunwān) on fol.1b (p.2) consisting of rectangular piece with empty cartouche surmounted by semicircular piece with floral vegetal design in pink and gold, surmounted by gold stalks ; decorative frame on incipit and facing page consists of a series of gold bands and black fillets, thereafter a plain rule-border in red ink ; textual dividers in the form of red discs ; text rubricated with section headings, key words, textudal dividers, etc. in red.</subfield></datafield><datafield tag="500" ind1=" " ind2=" "><subfield code="a">Script: Naskh ; fine Turkish hand ; mainly serifless with occasional left sloping head serif on alif of lām alif ligature ; rounded with a very slight tilt to the left.</subfield></datafield><datafield tag="500" ind1=" " ind2=" "><subfield code="a">Layout: Written in 15 lines per page ; frame-ruled.</subfield></datafield><datafield tag="500" ind1=" " ind2=" "><subfield code="a">Collation: 6 V (60), IV-1 (67) ; chiefly quinions ; catchwords present ; pagination in pencil, Western numerals (supplied during digitization).</subfield></datafield><datafield tag="500" ind1=" " ind2=" "><subfield code="a">Colophon: "Scribal", triangular, reads: "قد استراح قلم التبييض عن التسويد ومن الله التكميل بالقبول والتسديد وله الحمد على جميع نعمه بلا غاية ولا تحديد ... تمت الكتاب بعون الله الملك الوهاب سنة ۱۱۷۳ في ۱٥ جمادى الاولى"</subfield></datafield><datafield tag="500" ind1=" " ind2=" "><subfield code="a">Explicit: "رب العالمين خالق الخلائق ومصلحها وسيدها"</subfield></datafield><datafield tag="500" ind1=" " ind2=" "><subfield code="a">Incipit: "الحمد لله الذي جعل ... العلماء العارفين احرازا في [؟] ... وبعد فيقول الفقير الى الغني القدير احمد بن عمر الداعى في الازمير [؟] عفا عنهما العلي الكبير لما كان الحزب الجليل والحرز الجميل لامامنا الكامل الجلي الشيخ ابو الحسن الشاذلي ... ومع هذا قد شرحه المتبحرون واقتفى اثرهم المقلدون لكن لم يشهر منها ما يروى الجنان التمس منى بعض الاخوان زاد كما لاتهم الملك المنان ان اكتب عليه نبذة من الفرائد ... و لما تم بحمد الله الاكبر سميته فتح العلي البر شرح الحزب البحر ... ثم ان شيخنا ..."</subfield></datafield><datafield tag="500" ind1=" " ind2=" "><subfield code="a">Title from inscription on fol.1a (p.1).</subfield></datafield><datafield tag="500" ind1=" " ind2=" "><subfield code="a">Ms. codex.</subfield></datafield><datafield tag="510" ind1="4" ind2=" "><subfield code="a">Kaḥḥālah, ʻUmar. Muʻjam al-muʼallifīn, (Dimashq, 1957),</subfield><subfield code="c">v.2, p.29</subfield></datafield><datafield tag="520" ind1="8" ind2=" "><subfield code="a">Early fair copy of Aḥmad ibn ʻUmar al-Izmīrī's commentary on al-Shādhilī's popular Ḥizb al-baḥr.</subfield></datafield><datafield tag="538" ind1=" " ind2=" "><subfield code="a">Mode of access: Internet.</subfield></datafield><datafield tag="541" ind1=" " ind2=" "><subfield code="c">Purchase ;</subfield><subfield code="a">Acquired by purchase along with Abdul Hamid Collection (funds donated by Horace Rackham).</subfield><subfield code="d">1924.</subfield></datafield><datafield tag="546" ind1=" " ind2=" "><subfield code="a">Arabic.</subfield></datafield><datafield tag="561" ind1=" " ind2=" "><subfield code="a">Bookplate of British Museum, London on upper cover, "No.5. Hizb al-bahr, with commentary."; circular seal impression with figure of goat/gazelle in purple ink as well as inscription "279" in Western numerals on fol.1a (p.1); on paper (tinted) pasted on fol.1a (p.1), a detailed waqf statement in the name of al-Sayyid ʻAbd Allāh Adīb (Abdullah Edip), known as Jannatʹzādah (Cennet-zade), qāḍī of Erzurum, accompanied by his seal, reads: "وقفت وقفا صحيحا شرعيا على ان لا يخرج من بيت الكتب الملتصق بداري الا لعلماء سكنوا بارضروم بكفيل مرعى اورهن قوي وانا الفقير اليه عز شانه السيد عبد الله اديب الشهير بجنت زاده القاضي بمدينة ارضروم في سنة اثنى وستين ومائتين والف" ; possible reading statemtn on interior of upper cover ; on fol.1a (p.1) several decorative inscriptions, difficult to make out, but likely dated 1219, may accompany oval seal impression ; on fol.1a (p.1) scribble from calligraphy exercise ; inscription on p.132 in name of ʻAbd al-Sayyid ʻAlī, reads: "يا عالما بحالي عليك اتكالي عبد السيد علي" ; numerous glosses ; some marginal corrections ; collation marks "بلغ" (see p.68 and p.131) ; seal impressions with decorative inscriptions on p.7.</subfield></datafield><datafield tag="600" ind1="1" ind2="0"><subfield code="a">Shādhilī, Abū al-Ḥasan ʻAlī ibn ʻAbd Allāh,</subfield><subfield code="d">approximately 1196-1258.</subfield><subfield code="t">Ḥizb al-baḥr.</subfield></datafield><datafield tag="650" ind1=" " ind2="0"><subfield code="a">Manuscripts, Arabic</subfield><subfield code="z">Michigan</subfield><subfield code="z">Ann Arbor.</subfield></datafield><datafield tag="650" ind1=" " ind2="0"><subfield code="a">Shādhilīyah</subfield><subfield code="v">Early works to 1800.</subfield></datafield><datafield tag="650" ind1=" " ind2="0"><subfield code="a">Sufism</subfield><subfield code="v">Prayers and devotions</subfield><subfield code="v">Early works to 1800.</subfield></datafield><datafield tag="773" ind1="0" ind2=" "><subfield code="a">Tiflis Collection.</subfield></datafield><datafield tag="880" ind1="3" ind2="8"><subfield code="6">246-03/</subfield><subfield code="a">شرح حزب البحر</subfield></datafield><datafield tag="880" ind1="1" ind2="0"><subfield code="6">245-02/</subfield><subfield code="a">فتح العلي البر شرح حزب البحر,</subfield><subfield code="f">[1173ه, 1760م].</subfield></datafield><datafield tag="880" ind1="1" ind2=" "><subfield code="6">100-01/</subfield><subfield code="a">ازميري, احمد بن عمر.</subfield></datafield><datafield tag="CID" ind1=" " ind2=" "><subfield code="a">005989111</subfield></datafield><datafield tag="DAT" ind1="0" ind2=" "><subfield code="a">20190719102634.0</subfield><subfield code="b">20190719000000.0</subfield></datafield><datafield tag="DAT" ind1="1" ind2=" "><subfield code="a">20190719090653.0</subfield><subfield code="b">2019-07-19T16:11:10Z</subfield></datafield><datafield tag="DAT" ind1="2" ind2=" "><subfield code="a">2015-10-02T18:00:03Z</subfield></datafield><datafield tag="CAT" ind1=" " ind2=" "><subfield code="a">SDR-MIU</subfield><subfield code="d">EX LIBRIS - ALEPH</subfield><subfield code="l">prepare.pl-004-008</subfield></datafield><datafield tag="FMT" ind1=" " ind2=" "><subfield code="a">BK</subfield></datafield><datafield tag="HOL" ind1=" " ind2=" "><subfield code="0">sdr-miu005989111</subfield><subfield code="a">MiU</subfield><subfield code="b">SDR</subfield><subfield code="c">MIU</subfield><subfield code="p">mdp.39015079105675</subfield><subfield code="s">MIU</subfield><subfield code="1">005989111</subfield></datafield><datafield tag="974" ind1=" " ind2=" "><subfield code="b">MIU</subfield><subfield code="c">MIU</subfield><subfield code="d">20190719</subfield><subfield code="s">lit-dlps-dc</subfield><subfield code="u">mdp.39015079105675</subfield><subfield code="y">1760</subfield><subfield code="r">pd</subfield><subfield code="q">bib</subfield><subfield code="t">non-US bib date1 &lt; 1879</subfield></datafield></record></collection>